@BOOK{UpAndRunning,
  author =       "Lorin Hochstein",
  title =        "{\it Ansible: Up and Running}",
  publisher =    "O'Reilly Media",
  year =         "2014",
  isbn =         "978-1-4919-1532-5",
}

@MISC{AnsibleDoc,
   author =       "Ansible, Inc.",
   title =        "{\it Ansible Documentation [online]}",
   year =         "2015 [quoted 2015-11-14]",
   howpublished = {\url{http://docs.ansible.com/ansible/index.html}}
}

@MISC{AnsibleOverview,
   title =        "{\it How Ansible Works [online]}",
   year =         "2015 [quoted 2015-11-14]",
   howpublished = {\url{https://www.ansible.com/how-ansible-works}}
}



@MISC{ScaleOutPicture,
  title = "How is scalability achieved?",
  year = 2012 [quoted 2016-04-5],
  howpublished = {\url{https://hadoop4usa.wordpress.com/2012/04/13/scale-out-up/}}
}






@MISC{AdminGuide,
   title =        "{\it OpenStack Administrator Guide [online]}",
   year =         "2015 [quoted 2015-11-27]",
   howpublished = {\url{http://docs.openstack.org/admin-guide/}}
}

@MISC{InstallGuide,
   title =        "{\it OpenStack Installation Guide for Red Hat Enterprise Linux and CentOS [online]}",
   year =         "2015 [quoted 2015-11-27]",
   howpublished = {\url{http://docs.openstack.org/liberty/install-guide-rdo/}}
}

@BOOK{OperationsGuide,
  author =       "Tom Fifield and Diane Fleming and Anne Gentle and Lorin Hochstein and Jonathan Proulx and Everett Toews and Joe Topjian",
  title =        "{\it OpenStack Operations Guide}",
  publisher =    "O'Reilly Media",
  year =         "2014",
  isbn =         "978-1-4919-4694-7",
}

@MISC{NetworkingGuide,
   title =        "{\it OpenStack Networking Guide [online]}",
   year =         "2015 [quoted 2015-11-27]",
   howpublished = {\url{http://docs.openstack.org/liberty/networking-guide/}}
}

@MISC{LVMPdf,
   title =        "{\it Red Hat Enterprise Linux 6 Logical Volume Manager Administration [online]}",
   year =         "2015 [quoted 2015-11-27]",
   howpublished = {\url{https://access.redhat.com/documentation/en-US/Red_Hat_Enterprise_Linux/6/pdf/Logical_Volume_Manager_Administration/Red_Hat_Enterprise_Linux-6-Logical_Volume_Manager_Administration-en-US.pdf}}
}

@MISC{DeployingHorizon,
   title =        "{\it Deploying Horizon [online]}",
   year =         "2015 [quoted 2015-11-28]",
   howpublished = {\url{http://docs.openstack.org/developer/horizon/topics/deployment.html}}
}






@MISC{OpenStackAnsibleOfficial,
   title =        "{\it About OpenStack-Ansible [online]}",
   year =         "2015 [quoted 2015-12-09]",
   howpublished = {\url{http://docs.openstack.org/developer/openstack-ansible/install-guide/overview-osa.html}}
}

@MISC{OpenStackAnsibleOfficialGit,
   title =        "{\it Ansible playbooks for deploying OpenStack [online]}",
   year =         "2015 [quoted 2015-12-09]",
   howpublished = {\url{https://github.com/openstack/openstack-ansible}}
}

@MISC{PackstackRedHat,
   title =        "{\it Deploying OpenStack: Proof-of-Concept Environments (PackStack) [online]}",
   year =         "2015 [quoted 2015-12-09]",
   howpublished = {\url{https://access.redhat.com/documentation/en-US/Red_Hat_Enterprise_Linux_OpenStack_Platform/5/html/Getting_Started_Guide/The_PackStack_Deployment_Utility1.html}}
}

@MISC{PackstackRDO,
   title =        "{\it Packstack quickstart: Proof of concept for single node [online]}",
   year =         "2015 [quoted 2015-12-09]",
   howpublished = {\url{https://www.rdoproject.org/install/quickstart/}}
  }


@MISC{ID,
   title =        "{\it NAME [online]}",
   year =         "2015 [quoted DATE]",
   howpublished = {\url{URL}}
}







   @MISC{conceptualArch,
      title =        "{\it Conceptual architecture [online]}",
      year =         "2015-10-25 [quoted 2015-10-25]",
      howpublished = {\url{http://docs.openstack.org/liberty/install-guide-obs/common/get_started_conceptual_architecture.html}}
   }


    @online{ServicesImageSource,
       title =        "{\it Introduction to OpenStack [online]}",
       year =         "2015-10-22 [quoted 2015-10-22]",
       howpublished = {\url{http://docs.openstack.org/security-guide/introduction/introduction-to-openstack.html}}
    }





    @BOOK{CL210,
      author = "Taylor F., Mahroua R., Vazquez A.",
      title = "Red Hat Enterprise Linux OpenStack Platform 6.0 CL210, Red Hat OpenStack Administration",
      year = "2015",
      publisher = "Red Hat",
      note = "Edition 2 20150415"
    }
